@inproceedings{ranganath2014black,
  title={Black box variational inference},
  author={Ranganath, Rajesh and Gerrish, Sean and Blei, David},
  booktitle={Artificial Intelligence and Statistics},
  pages={814--822},
  year={2014}
}
@article{szegedy2013intriguing,
  title={Intriguing properties of neural networks},
  author={Szegedy, Christian and Zaremba, Wojciech and Sutskever, Ilya and Bruna, Joan and Erhan, Dumitru and Goodfellow, Ian and Fergus, Rob},
  journal={arXiv preprint arXiv:1312.6199},
  year={2013}
}
@inproceedings{arjovsky2016unitary,
  title={Unitary evolution recurrent neural networks},
  author={Arjovsky, Martin and Shah, Amar and Bengio, Yoshua},
  booktitle={Proceedings of the 33rd International Conference on International Conference on Machine Learning-Volume 48},
  pages={1120--1128},
  year={2016},
  organization={JMLR. org}
}
@article{martens2013explaining,
  title={Explaining data-driven document classifications},
  author={Martens, David and Provost, Foster},
  year={2013}
}
@article{goodfellow2014explaining,
  title={Explaining and Harnessing Adversarial Examples},
  author={Goodfellow, Ian J and Shlens, Jonathon and Szegedy, Christian},
  journal={arXiv preprint arXiv:1412.6572},
  year={2014}
}

@article{kurakin2016adversarial,
  title={Adversarial machine learning at scale},
  author={Kurakin, Alexey and Goodfellow, Ian and Bengio, Samy},
  journal={arXiv preprint arXiv:1611.01236},
  year={2016}
}

@article{carlini2016towards,
  title={Towards evaluating the robustness of neural networks},
  author={Carlini, Nicholas and Wagner, David},
  journal={arXiv preprint arXiv:1608.04644},
  year={2016}
}

@article{ben2010theory,
  title={A theory of learning from different domains},
  author={Ben-David, Shai and Blitzer, John and Crammer, Koby and Kulesza, Alex and Pereira, Fernando and Vaughan, Jennifer Wortman},
  journal={Machine learning},
  volume={79},
  number={1-2},
  pages={151--175},
  year={2010},
  publisher={Springer}
}

@article{athalye2018obfuscated,
  title={Obfuscated gradients give a false sense of security: Circumventing defenses to adversarial examples},
  author={Athalye, Anish and Carlini, Nicholas and Wagner, David},
  journal={arXiv preprint arXiv:1802.00420},
  year={2018}
}

@article{madry2017towards,
  title={Towards deep learning models resistant to adversarial attacks},
  author={Madry, Aleksander and Makelov, Aleksandar and Schmidt, Ludwig and Tsipras, Dimitris and Vladu, Adrian},
  journal={arXiv preprint arXiv:1706.06083},
  year={2017}
}

@article{sinha2018certifying,
  title={Certifying some distributional robustness with principled adversarial training},
  author={Sinha, Aman and Namkoong, Hongseok and Duchi, John},
  year={2018}
}

@inproceedings{ben2007analysis,
  title={Analysis of representations for domain adaptation},
  author={Ben-David, Shai and Blitzer, John and Crammer, Koby and Pereira, Fernando},
  booktitle={Advances in neural information processing systems},
  pages={137--144},
  year={2007}
}

@article{cisse2017parseval,
  title={Parseval networks: Improving robustness to adversarial examples},
  author={Cisse, Moustapha and Bojanowski, Piotr and Grave, Edouard and Dauphin, Yann and Usunier, Nicolas},
  journal={arXiv preprint arXiv:1704.08847},
  year={2017}
}

@inproceedings{hein2017formal,
  title={Formal guarantees on the robustness of a classifier against adversarial manipulation},
  author={Hein, Matthias and Andriushchenko, Maksym},
  booktitle={Advances in Neural Information Processing Systems},
  pages={2266--2276},
  year={2017}
}

@article{clifford2017af,
  title={AF classification from a short single lead ECG recording: The Physionet Computing in Cardiology Challenge 2017},
  author={Clifford, Gari D and Liu, Chengyu and Moody, Benjamin and Lehman, Li-wei H and Silva, Ikaro and Li, Qiao and Johnson, AE and Mark, Roger G},
  year={2017}
}

@article{goodfellowtowards,
  title={Towards Understanding ECG Rhythm Classification Using Convolutional Neural Networks and Attention Mappings},
  author={Goodfellow, Sebastian D and Goodwin, Andrew and Greer, Robert and Laussen, Peter C and Mazwi, Mjaye and Eytan, Danny}
}

@article{feinman2017detecting,
  title={Detecting adversarial samples from artifacts},
  author={Feinman, Reuben and Curtin, Ryan R and Shintre, Saurabh and Gardner, Andrew B},
  journal={arXiv preprint arXiv:1703.00410},
  year={2017}
}

@inproceedings{papernot2016limitations,
  title={The limitations of deep learning in adversarial settings},
  author={Papernot, Nicolas and McDaniel, Patrick and Jha, Somesh and Fredrikson, Matt and Celik, Z Berkay and Swami, Ananthram},
  booktitle={Security and Privacy (EuroS\&P), 2016 IEEE European Symposium on},
  pages={372--387},
  year={2016},
  organization={IEEE}
}
@inproceedings{moosavi2016deepfool,
  title={Deepfool: a simple and accurate method to fool deep neural networks},
  author={Moosavi-Dezfooli, Seyed-Mohsen and Fawzi, Alhussein and Frossard, Pascal},
  booktitle={Proceedings of the IEEE Conference on Computer Vision and Pattern Recognition},
  pages={2574--2582},
  year={2016}
}

@article{novak2018sensitivity,
  title={Sensitivity and generalization in neural networks: an empirical study},
  author={Novak, Roman and Bahri, Yasaman and Abolafia, Daniel A and Pennington, Jeffrey and Sohl-Dickstein, Jascha},
  journal={arXiv preprint arXiv:1802.08760},
  year={2018}
}

@inproceedings{papernot2016distillation,
  title={Distillation as a defense to adversarial perturbations against deep neural networks},
  author={Papernot, Nicolas and McDaniel, Patrick and Wu, Xi and Jha, Somesh and Swami, Ananthram},
  booktitle={2016 IEEE Symposium on Security and Privacy (SP)},
  pages={582--597},
  year={2016},
  organization={IEEE}
}

@article{schmidt2018adversarially,
  title={Adversarially Robust Generalization Requires More Data},
  author={Schmidt, Ludwig and Santurkar, Shibani and Tsipras, Dimitris and Talwar, Kunal and M{\k{a}}dry, Aleksander},
  journal={arXiv preprint arXiv:1804.11285},
  year={2018}
}

@inproceedings{garg2018spectral,
  title={A Spectral View of Adversarially Robust Features},
  author={Garg, Shivam and Sharan, Vatsal and Zhang, Brian and Valiant, Gregory},
  booktitle={Advances in Neural Information Processing Systems},
  pages={10158--10168},
  year={2018}
}

@article{sinha2018certifying,
  title={Certifying some distributional robustness with principled adversarial training},
  author={Sinha, Aman and Namkoong, Hongseok and Duchi, John},
  year={2018}
}

@article{feinman2017detecting,
  title={Detecting adversarial samples from artifacts},
  author={Feinman, Reuben and Curtin, Ryan R and Shintre, Saurabh and Gardner, Andrew B},
  journal={arXiv preprint arXiv:1703.00410},
  year={2017}
}

@article{chen2018neural,
  title={Neural Ordinary Differential Equations},
  author={Chen, Tian Qi and Rubanova, Yulia and Bettencourt, Jesse and Duvenaud, David},
  journal={arXiv preprint arXiv:1806.07366},
  year={2018}
}